@ARTICLE{Tomasi98stereomatching,
	author = {Carlo Tomasi and Roberto Manduchi},
	title = {Stereo Matching as a Nearest-Neighbor Problem},
	journal = {IEEE TRANSACTIONS ON PATTERN ANALYSIS AND MACHINE INTELLIGENCE},
	year = {1998},
	volume = {20},
	number = {3},
	pages = {333--340}
}

@ARTICLE{Haeming10sfm,
	author = {Klaus Häming and Gabriele Peters},
	title = {The structure-from-motion reconstruction pipeline – a survey with focus on short image sequences},
	journal = {Kybernetika},
	year = {2010},
	volume = {46},
	number = {5},
	pages = {926--937}
}

@BOOK{manfred81math,
	editor = {Manfred Leppig},
	title = {Lernstufen Mathematik. 1. Auflage, 4. Druck},
	publisher = {},
	year = {1981},
	pages = {189--190}
}

@MANUAL{opencv,
	title = {OpenCV Dokumentation},
	organization = {Itseez},
	year = {2015},
	address = {http://docs.opencv.org/}
}

@MANUAL{particle,
	title = {Particle Core Dokumentation},
	organization = {Particle},
	year = {2015},
	address = {http://docs.particle.io/core/}
}
